<?xml version="1.0" encoding="UTF-8"?><collection xmlns="http://www.loc.gov/MARC21/slim"><record><leader>00500nam--2200181-i-4500</leader><controlfield tag="001">000027296</controlfield><controlfield tag="002">20161230</controlfield><controlfield tag="005">20170113011338</controlfield><controlfield tag="008">060222s1000------------r-----000-0-eng-d</controlfield><datafield ind1=" " ind2=" " tag="080"><subfield code="a">65.01</subfield></datafield><datafield ind1=" " ind2=" " tag="100"><subfield code="a">Koontz, Harold</subfield></datafield><datafield ind1=" " ind2=" " tag="245"><subfield code="a">Principles of management. An analysis of managerial functions</subfield></datafield><datafield ind1=" " ind2=" " tag="260"><subfield code="a">New York</subfield><subfield code="b">Mcgraw-hill Book Co</subfield><subfield code="c">1968</subfield></datafield><datafield ind1=" " ind2=" " tag="300"><subfield code="a">X + 822 p</subfield></datafield><datafield ind1=" " ind2=" " tag="490"><subfield code="a">Mcgraw-hill Series In Management</subfield></datafield><datafield ind1=" " ind2=" " tag="700"><subfield code="a">O`Donnell, Cyril</subfield></datafield><datafield ind1=" " ind2=" " tag="852"><subfield code="a">32877</subfield></datafield><datafield ind1=" " ind2=" " tag="CAT"><subfield code="a">SYS</subfield><subfield code="c">20170113</subfield><subfield code="h">011338</subfield></datafield></record></collection>